/home/hjansen/bibtex/refss.bib